@InProceedings{ servoli2008pdm,
	title = "{A proposal to dynamically manage virtual environments in heterogeneous batch systems}",
	author = "L. Servoli and M. Mariotti and R.M. Cefala",
	booktitle = "IEEE Nuclear Science Symposium Conference Record, 2008. NSS'08",
	pages = "823--826",
	year = "2008"
}

@Article{ chellappa1997cce,
	title = "{Cloud computing---emerging paradigm for computing}",
	author = "R. Chellappa",
	journal = "INFORMS 1997",
	year = "1997"
}

@Book{ reese2009caa,
	title = "{Cloud Application Architectures}",
	author = "G. Reese",
	year = "2009"
}

@Misc{ ec2web,
	Howpublished = "\url{http://aws.amazon.com/ec2/}",
	Title = "Amazon Elastic Compute Cloud (EC2) web site"
}

